@article{Honsinger71a,
  author = "V.~B.~Honsinger",
  title = "The Inductances ${L}_{d}$ and ${L}_{q}$ of Reluctance Machines",
  journal = "IEEE Transactions on Power Applications and Systems",
  year = "1971",
  volume = "PAS-90",
  number = "1",
  pages = "298--304",
  month = "January/February"
}

@inproceedings{Jovanovic95a,
  author = "M.~Jovanovic and R.~E.~Betz and D.~Platt",
  title = "Position and Speed Estimation of Sensorless Synchronous
  Reluctance Motor",
  booktitle = "Proceedings of the IEEE International Conference on Power 
        Electronics and Drive Systems",
  year = "1995",
  pages = "844--849"
}

@misc{EPRI01,
author = "{Energy~and~Environmental~Economics~Inc,} and {EPRI~Solutions~Inc}",
title = "Value of Distribution Automation Applications",
url = "http//www.energy.ca.gov/2007publications/CEC-500-2007-028/FCEC-500-2007-028.PDF",
year = "2007",
month = apr,
note = "Last viewed 6th September, 2008"
}



@article{NEUROExos,
        author={Vitiello,N. and Lenzi,T. and Roccella,S. and De Rossi,S. M. M. and Cattin,E. and Giovacchini,F. and Vecchi,F. and Carrozza,M. C.},
        year={2013},
        title={NEUROExos: A powered elbow exoskeleton for physical rehabilitation},
        journal={IEEE Transactions on Robotics},
        volume={29},
        number={1},
        pages={220-235},
        note={Cited By :141},
        language={English},
        url={www.scopus.com},
}

@book{shapeMemoryAlloy,
        author={Copaci,D. and Flores,A. and Rueda,F. and Alguacil,I. and Blanco,D. and Moreno,L.},
        year={2017},
        title={Wearable elbow exoskeleton actuated with shape memory alloy},
        series={Biosystems and Biorobotics},
        volume={15},
        pages={477-481},
        note={Cited By :5},
        language={English},
        url={www.scopus.com},
}

@article{rahman2015emg,
  title={EMG based control of a robotic exoskeleton for shoulder and elbow motion assist},
  author={Rahman, Mohammad H and Ochoa-Luna, Cristobal and Saad, Maarouf and Archambault, Philippe},
  journal={J Aut Con Eng},
  volume={3},
  number={4},
  year={2015}
}


@article{rahman2019review,
  title={A Review of Upper Limb Rehabilitation Robot},
  author={S. Mazlan, H.A. Rahman, D. Hanafi},
  journal={Journal of Tomography System and Sensor Application},
  volume={2},
  number={1},
  pages={1--8},
  year={2019}
}


@inproceedings{moura2016exoskeleton,
  title={Exoskeleton application to assist learning of a coincident timing motor task of the arm using passive mechanical perturbations},
  author={Moura, Rafael T and Souza, Rafael Sanchez and Garcia, E and Quadrado, Virginia Helena and Villalpando, MB and Forner-Cordero, Arturo},
  booktitle={2016 6th IEEE International Conference on Biomedical Robotics and Biomechatronics (BioRob)},
  pages={984--988},
  year={2016},
  organization={IEEE}
}

% 6
@article{maciejasz2014survey,
  title={A survey on robotic devices for upper limb rehabilitation},
  author={Maciejasz, Pawe{\l} and Eschweiler, J{\"o}rg and Gerlach-Hahn, Kurt and Jansen-Troy, Arne and Leonhardt, Steffen},
  journal={Journal of neuroengineering and rehabilitation},
  volume={11},
  number={1},
  pages={3},
  year={2014},
  publisher={BioMed Central}
}

% 7
@article{blank2014current,
  title={Current trends in robot-assisted upper-limb stroke rehabilitation: promoting patient engagement in therapy},
  author={Blank, Amy A and French, James A and Pehlivan, Ali Utku and O’Malley, Marcia K},
  journal={Current physical medicine and rehabilitation reports},
  volume={2},
  number={3},
  pages={184--195},
  year={2014},
  publisher={Springer}
}

% 8 
@article{khan2017neurorehabilitation,
  title={Neurorehabilitation: applied neuroplasticity},
  author={Khan, Fary and Amatya, Bhasker and Galea, Mary P and Gonzenbach, Roman and Kesselring, J{\"u}rg},
  journal={Journal of neurology},
  volume={264},
  number={3},
  pages={603--615},
  year={2017},
  publisher={Springer}
}


% 9 
@article{geurts2005review,
  title={A review of standing balance recovery from stroke},
  author={Geurts, Alexander CH and de Haart, Mirjam and van Nes, Ilse JW and Duysens, Jaak},
  journal={Gait \& posture},
  volume={22},
  number={3},
  pages={267--281},
  year={2005},
  publisher={Elsevier}
}

%10 
@article{rehmat2018upper,
  title={Upper limb rehabilitation using robotic exoskeleton systems: A systematic review},
  author={Rehmat, Naqash and Zuo, Jie and Meng, Wei and Liu, Quan and Xie, Sheng Q and Liang, Hui},
  journal={International Journal of Intelligent Robotics and Applications},
  volume={2},
  number={3},
  pages={283--295},
  year={2018},
  publisher={Springer}
}

%11
@article{Schorsch2014,
    author={Schorsch,J. F. and Keemink,A. Q. L. and Stienen,A. H. A. and Van Der Helm,F. C. T. and Abbink,D. A.},
year={2014},
title={A novel self-aligning mechanism to decouple force and torques for a planar exoskeleton joint},
journal={Mechanical Sciences},
volume={5},
number={2},
pages={29-35},
note={Cited By :5},
language={English},
url={www.scopus.com},
} 



%12 
@article{sEMG-based2019,
author={Lu,L. and Wu,Q. and Chen,X. and Shao,Z. and Chen,B. and Wu,H.},
year={2019},
title={Development of a sEMG-based torque estimation control strategy for a soft elbow exoskeleton},
journal={Robotics and Autonomous Systems},
volume={111},
pages={88-98},
note={Cited By :2},
language={English},
url={www.scopus.com},
} 


%13
@article{lu2019development,
  title={Development of a sEMG-based torque estimation control strategy for a soft elbow exoskeleton},
  author={Lu, Longhai and Wu, Qingcong and Chen, Xi and Shao, Ziyan and Chen, Bai and Wu, Hongtao},
  journal={Robotics and Autonomous Systems},
  volume={111},
  pages={88--98},
  year={2019},
  publisher={Elsevier}
}

%14 
@inproceedings{sridar2017development,
  title={Development of a soft-inflatable exosuit for knee rehabilitation},
  author={Sridar, Saivimal and Nguyen, Pham H and Zhu, Mengjia and Lam, Quoc P and Polygerinos, Panagiotis},
  booktitle={2017 IEEE/RSJ International Conference on Intelligent Robots and Systems (IROS)},
  pages={3722--3727},
  year={2017},
  organization={IEEE}
}

% 15
@inproceedings{tuatulea2019mechanical,
  title={Mechanical design and 3D printing process of an exoskeleton used for elbow joint rehabilitation},
  author={T{\u{a}}tulea, IA and Drug{\u{a}}, CN and {\c{S}}erban, I},
  booktitle={IOP Conference Series: Materials Science and Engineering},
  volume={568},
  number={1},
  pages={012034},
  year={2019},
  organization={IOP Publishing}
}

% 16
@article{thoroughman1999electromyographic,
  title={Electromyographic correlates of learning an internal model of reaching movements},
  author={Thoroughman, Kurt A and Shadmehr, Reza},
  journal={Journal of Neuroscience},
  volume={19},
  number={19},
  pages={8573--8588},
  year={1999},
  publisher={Soc Neuroscience}
}


% Thomas 
@misc{evison2016design,
  title={The Design, Development And Control Of A Motorised Elbow Exoskeleton For Introducing Perturbations As A Bio-Medical Research Tool},
  author={Evison, Thomas A},
  year={2016},
  publisher={School of Electrical, Computer and Telecommunications Engineering~…}
}